date,symbol,fillingDate,acceptedDate,period,revenue,costOfRevenue,grossProfit,grossProfitRatio,researchAndDevelopmentExpenses,generalAndAdministrativeExpenses,sellingAndMarketingExpenses,otherExpenses,operatingExpenses,costAndExpenses,interestExpense,depreciationAndAmortization,ebitda,ebitdaratio,operatingIncome,operatingIncomeRatio,totalOtherIncomeExpensesNet,incomeBeforeTax,incomeBeforeTaxRatio,incomeTaxExpense,netIncome,netIncomeRatio,eps,epsdiluted,weightedAverageShsOut,weightedAverageShsOutDil,link,finalLink
2020-06-30,XOM,2020-08-05 00:00:00,2020-08-05 14:03:10,Q2,32277000000,20964000000.0,11313000000,0.350497,214000000,7563000000,0.0,271000000.0,12964000000,33928000000,317000000,4916000000,3682000000,0.114075,-1651000000,-0.051151,225000000.0,-1640000000,-0.05081,-471000000,-1080000000,-0.03346,-0.25287,-0.25287,4271000000,4271000000,https://www.sec.gov/Archives/edgar/data/34088/000003408820000073/0000034088-20-000073-index.htm,https://www.sec.gov/Archives/edgar/data/34088/000003408820000073/xom10q2q2020.htm
2020-03-31,XOM,2020-05-06 00:00:00,2020-05-06 14:06:03,Q1,55134000000,40380000000.0,14754000000,0.267603,288000000,9411000000,0.0,269000000.0,15787000000,56167000000,249000000,5819000000,5970000000,0.108282,-1033000000,-0.018736,249000000.0,-258000000,-0.00468,512000000,-610000000,-0.011064,-0.14286,-0.14286,4270000000,4270000000,https://www.sec.gov/Archives/edgar/data/34088/000003408820000037/0000034088-20-000037-index.html,https://www.sec.gov/Archives/edgar/data/34088/000003408820000037/xom10q1q2020.htm
2019-12-31,XOM,2020-02-26 00:00:00,2020-02-26 16:15:19,Q4,63024000000,44254000000.0,18770000000,0.297823,357000000,10817000000,0.0,207000000.0,16304000000,60558000000,201000000,4923000000,12238000000,0.19418,2466000000,0.039128,2972000000.0,6414000000,0.101771,1424000000,5690000000,0.090283,1.33255,1.33255,4270000000,4270000000,https://www.sec.gov/Archives/edgar/data/34088/000003408820000016/0000034088-20-000016-index.html,https://www.sec.gov/Archives/edgar/data/34088/000003408820000016/xom10k2019.htm
2019-09-30,XOM,2019-11-06 00:00:00,2019-11-06 13:34:22,Q3,63422000000,44138000000.0,19284000000,0.304059,299000000,10429000000,0.0,357000000.0,15958000000,60096000000,232000000,4873000000,9749000000,0.153716,3326000000,0.052442,431000000.0,4721000000,0.074438,1474000000,3170000000,0.049983,0.74221,0.74221,4271000000,4271000000,https://www.sec.gov/Archives/edgar/data/34088/000003408819000062/0000034088-19-000062-index.html,https://www.sec.gov/Archives/edgar/data/34088/000003408819000062/xom10q3q2019.htm
2019-06-30,XOM,2019-08-07 00:00:00,2019-08-07 12:55:10,Q2,67491000000,48464000000.0,19027000000,0.281919,333000000,10502000000,0.0,313000000.0,15779000000,64243000000,216000000,4631000000,9218000000,0.136581,3248000000,0.048125,241000000.0,4632000000,0.068631,1241000000,3130000000,0.046377,0.73285,0.73285,4271000000,4271000000,https://www.sec.gov/Archives/edgar/data/34088/000003408819000042/0000034088-19-000042-index.html,https://www.sec.gov/Archives/edgar/data/34088/000003408819000042/xom10q2q2019.htm
2019-03-31,XOM,2019-05-02 00:00:00,2019-05-02 13:44:33,Q1,61646000000,43771000000.0,17875000000,0.289962,280000000,10175000000,0.0,358000000.0,15384000000,59155000000,181000000,4571000000,8985000000,0.145752,2491000000,0.040408,270000000.0,4289000000,0.069575,1883000000,2350000000,0.038121,0.55035,0.55035,4270000000,4270000000,https://www.sec.gov/Archives/edgar/data/34088/000003408819000017/0000034088-19-000017-index.html,https://www.sec.gov/Archives/edgar/data/34088/000003408819000017/xom10q1q2019.htm
2018-12-31,XOM,2019-02-27 00:00:00,2019-02-27 16:19:37,Q4,68253000000,46957000000.0,21296000000,0.312016,555000000,10686000000,0.0,333000000.0,16602000000,63559000000,215000000,5028000000,13178000000,0.193076,4694000000,0.068774,1886000000.0,8121000000,0.118984,1935000000,6000000000,0.087908,1.40614,1.40614,4267000000,4267000000,https://www.sec.gov/Archives/edgar/data/34088/000003408819000010/0000034088-19-000010-index.html,https://www.sec.gov/Archives/edgar/data/34088/000003408819000010/xom10k2018.htm
2018-09-30,XOM,2018-11-07 00:00:00,2018-11-07 12:29:54,Q3,74187000000,50873000000.0,23314000000,0.31426,292000000,11195000000,0.0,307000000.0,16452000000,67325000000,200000000,4658000000,13732000000,0.1851,6862000000,0.092496,458000000.0,9080000000,0.122393,2634000000,6240000000,0.084112,1.46102,1.46102,4271000000,4271000000,https://www.sec.gov/Archives/edgar/data/34088/000003408818000048/0000034088-18-000048-index.html,https://www.sec.gov/Archives/edgar/data/34088/000003408818000048/xom10q3q2018.htm
2018-06-30,XOM,2018-08-02 00:00:00,2018-08-02 12:13:22,Q2,71456000000,50245000000.0,21211000000,0.29684,332000000,11368000000,0.0,308000000.0,16597000000,66842000000,147000000,4589000000,11212000000,0.156908,4614000000,0.064571,316000000.0,6512000000,0.091133,2526000000,3950000000,0.055279,0.92484,0.92484,4271000000,4271000000,https://www.sec.gov/Archives/edgar/data/34088/000003408818000039/0000034088-18-000039-index.html,https://www.sec.gov/Archives/edgar/data/34088/000003408818000039/xom10q2q2018.htm
2018-03-31,XOM,2018-05-03 00:00:00,2018-05-03 12:16:43,Q1,65436000000,44779000000.0,20657000000,0.315682,287000000,10894000000,0.0,337000000.0,15988000000,60767000000,204000000,4470000000,11781000000,0.180039,4669000000,0.071352,865000000.0,7240000000,0.110642,2457000000,4650000000,0.071062,1.08899,1.08899,4270000000,4270000000,https://www.sec.gov/Archives/edgar/data/34088/000003408818000024/0000034088-18-000024-index.html,https://www.sec.gov/Archives/edgar/data/34088/000003408818000024/xom10q1q2018.htm
2017-12-31,XOM,2018-02-28 00:00:00,2018-02-28 16:39:51,Q4,50832000000,28979000000.0,21853000000,0.429906,703000000,13308000000,0.0,8251000000.0,19853000000,48832000000,186000000,5842000000,14958000000,0.294263,2000000000,0.039345,530000000.0,3017000000,0.059352,550000000,8380000000,0.164857,1.96345,1.96345,4268000000,4268000000,https://www.sec.gov/Archives/edgar/data/34088/000003408818000015/0000034088-18-000015-index.html,https://www.sec.gov/Archives/edgar/data/34088/000003408818000015/xom10k2017.htm
2017-09-30,XOM,2017-11-01 00:00:00,2017-11-01 15:51:48,Q3,59350000000,39384000000.0,19966000000,0.336411,284000000,10383000000,0.0,475000000.0,16022000000,55406000000,111000000,4880000000,10459000000,0.176226,3944000000,0.066453,278000000.0,5583000000,0.094069,1498000000,3970000000,0.066891,0.92952,0.92952,4271000000,4271000000,https://www.sec.gov/Archives/edgar/data/34088/000003408817000052/0000034088-17-000052-index.html,https://www.sec.gov/Archives/edgar/data/34088/000003408817000052/xom10q3q2017.htm
2017-06-30,XOM,2017-08-02 00:00:00,2017-08-02 12:19:33,Q2,56026000000,38254000000.0,17772000000,0.31721,514000000,9924000000,0.0,419000000.0,15509000000,53763000000,158000000,4652000000,9052000000,0.161568,2263000000,0.040392,526000000.0,4156000000,0.07418,892000000,3350000000,0.059794,0.78436,0.78436,4271000000,4271000000,https://www.sec.gov/Archives/edgar/data/34088/000003408817000041/0000034088-17-000041-index.html,https://www.sec.gov/Archives/edgar/data/34088/000003408817000041/xom10q2q2017.htm
2017-03-31,XOM,2017-05-03 00:00:00,2017-05-03 14:32:17,Q1,56474000000,37925000000.0,18549000000,0.328452,289000000,9501000000,0.0,373000000.0,14682000000,52607000000,146000000,4519000000,10503000000,0.185979,3867000000,0.068474,487000000.0,5918000000,0.104792,1828000000,4010000000,0.071006,0.94956,0.94956,4223000000,4223000000,https://www.sec.gov/Archives/edgar/data/34088/000003408817000027/0000034088-17-000027-index.html,https://www.sec.gov/Archives/edgar/data/34088/000003408817000027/xom10q1q2017.htm
2016-12-31,XOM,2017-02-22 00:00:00,2017-02-22 16:47:56,Q4,40396000000,21193000000.0,19203000000,0.475369,340000000,12574000000,0.0,7213000000.0,21031000000,42224000000,195000000,8117000000,8585000000,0.212521,-1828000000,-0.045252,1312000000.0,617000000,0.015274,-1407000000,1680000000,0.041588,0.40249,0.40249,4174000000,4174000000,https://www.sec.gov/Archives/edgar/data/34088/000003408817000017/0000034088-17-000017-index.html,https://www.sec.gov/Archives/edgar/data/34088/000003408817000017/xom10k2016.htm
2016-09-30,XOM,2016-11-03 00:00:00,2016-11-03 11:10:42,Q3,56767000000,41181000000.0,15586000000,0.274561,327000000,9232000000,0.0,8516000000.0,14164000000,55345000000,106000000,4605000000,7698000000,0.135607,1422000000,0.02505,807000000.0,3226000000,0.056829,337000000,2650000000,0.046682,0.63427,0.63427,4178000000,4178000000,https://www.sec.gov/Archives/edgar/data/34088/000003408816000097/0000034088-16-000097-index.html,https://www.sec.gov/Archives/edgar/data/34088/000003408816000097/xom10q3q2016.htm
2016-06-30,XOM,2016-08-03 00:00:00,2016-08-03 12:10:47,Q2,56360000000,40641000000.0,15719000000,0.278903,445000000,9316000000,0.0,8286000000.0,14582000000,55223000000,75000000,4821000000,7311000000,0.12972,1137000000,0.020174,210000000.0,2396000000,0.042512,715000000,1700000000,0.030163,0.40689,0.40689,4178000000,4178000000,https://www.sec.gov/Archives/edgar/data/34088/000003408816000082/0000034088-16-000082-index.html,https://www.sec.gov/Archives/edgar/data/34088/000003408816000082/xom10q2q2016.htm
2016-03-31,XOM,2016-05-04 00:00:00,2016-05-04 12:16:40,Q1,47105000000,33083000000.0,14022000000,0.297675,355000000,8697000000,0.0,7912000000.0,13817000000,46900000000,77000000,4765000000,6601000000,0.140134,205000000,0.004352,351000000.0,1730000000,0.036726,-51000000,1810000000,0.038425,0.43322,0.43322,4178000000,4178000000,https://www.sec.gov/Archives/edgar/data/34088/000003408816000071/0000034088-16-000071-index.html,https://www.sec.gov/Archives/edgar/data/34088/000003408816000071/xom10q1q2016.htm
2015-12-31,XOM,2016-02-24 00:00:00,2016-02-24 16:09:22,Q4,38057000000,19417000000.0,18640000000,0.489792,518000000,12795000000,0.0,7855000000.0,18068000000,37485000000,60000000,4755000000,7393000000,0.194261,572000000,0.01503,597000000.0,2628000000,0.069054,-202000000,2780000000,0.073048,0.66491,0.66491,4181000000,4181000000,https://www.sec.gov/Archives/edgar/data/34088/000003408816000065/0000034088-16-000065-index.html,https://www.sec.gov/Archives/edgar/data/34088/000003408816000065/xom10k2015.htm
2015-09-30,XOM,2015-11-04 00:00:00,2015-11-04 11:56:53,Q3,65679000000,46703000000.0,18976000000,0.28892,324000000,9948000000,0.0,9767000000.0,14814000000,61517000000,78000000,4542000000,10225000000,0.155681,4162000000,0.063369,-118000000.0,5749000000,0.087532,1365000000,4240000000,0.064556,1.01193,1.01193,4190000000,4190000000,https://www.sec.gov/Archives/edgar/data/34088/000003408815000044/0000034088-15-000044-index.html,https://www.sec.gov/Archives/edgar/data/34088/000003408815000044/xom10q3q2015.htm
2015-06-30,XOM,2015-08-05 00:00:00,2015-08-05 11:45:57,Q2,71360000000,52512000000.0,18848000000,0.264126,370000000,9741000000,0.0,9235000000.0,14562000000,67074000000,85000000,4451000000,11418000000,0.160006,4286000000,0.060062,672000000.0,6954000000,0.09745,2692000000,4190000000,0.058716,0.99762,0.99762,4200000000,4200000000,https://www.sec.gov/Archives/edgar/data/34088/000003408815000035/0000034088-15-000035-index.html,https://www.sec.gov/Archives/edgar/data/34088/000003408815000035/xom10q2q2015.htm
2015-03-31,XOM,2015-05-06 00:00:00,2015-05-06 12:03:45,Q1,64758000000,46958000000.0,17800000000,0.27487,311000000,9326000000,0.0,8730000000.0,13937000000,60895000000,88000000,4300000000,10888000000,0.168134,3863000000,0.059653,599000000.0,6635000000,0.102458,1560000000,4940000000,0.076284,1.17312,1.17312,4211000000,4211000000,https://www.sec.gov/Archives/edgar/data/34088/000003408815000021/0000034088-15-000021-index.html,https://www.sec.gov/Archives/edgar/data/34088/000003408815000021/xom10q1q2015.htm
2014-12-31,XOM,2015-02-25,2015-02-25 16:26:23,Q4,82621000000,61459000000.0,21162000000,0.256133,537000000,10665000000,0.0,10342000000.0,15660000000,77119000000,68000000,4458000000,13156000000,0.159233,5502000000,0.066593,716000000.0,8842000000,0.107019,2060000000,6570000000,0.07952,1.55063,1.55063,4237000000,4237000000,https://www.sec.gov/Archives/edgar/data/34088/000003408815000013/xom10k2014.htm,https://www.sec.gov/Archives/edgar/data/34088/000003408815000013/xom10k2014.htm
2014-09-30,XOM,2014-11-05 00:00:00,2014-11-05 12:09:44,Q3,103566000000,77898000000.0,25668000000,0.247842,319000000,11413000000,0.0,9951000000.0,16094000000,93992000000,88000000,4362000000,17584000000,0.169785,9574000000,0.092443,713000000.0,13410000000,0.129483,5064000000,8070000000,0.077921,1.89126,1.89126,4267000000,4267000000,https://www.sec.gov/Archives/edgar/data/34088/000003408814000044/0000034088-14-000044-index.html,https://www.sec.gov/Archives/edgar/data/34088/000003408814000044/xom10q3q2014.htm
2014-06-30,XOM,2014-08-06 00:00:00,2014-08-06 12:07:03,Q2,105719000000,80559000000.0,25160000000,0.237989,496000000,11653000000,0.0,10478000000.0,16434000000,96993000000,64000000,4285000000,18163000000,0.171805,8726000000,0.08254,2177000000.0,14151000000,0.133855,5034000000,8780000000,0.08305,2.04329,2.04329,4297000000,4297000000,https://www.sec.gov/Archives/edgar/data/34088/000003408814000036/0000034088-14-000036-index.html,https://www.sec.gov/Archives/edgar/data/34088/000003408814000036/xom10q2q2014.htm
2014-03-31,XOM,2014-05-07 00:00:00,2014-05-07 12:02:50,Q1,101760000000,75818000000.0,25942000000,0.254933,317000000,11153000000,0.0,10088000000.0,15662000000,91480000000,66000000,4192000000,19215000000,0.188827,10280000000,0.101022,905000000.0,15227000000,0.149636,5857000000,9100000000,0.089426,2.10259,2.10259,4328000000,4328000000,https://www.sec.gov/Archives/edgar/data/34088/000003408814000019/0000034088-14-000019-index.html,https://www.sec.gov/Archives/edgar/data/34088/000003408814000019/xom10q1q2014.htm
2013-12-31,XOM,2014-02-26,2014-02-26 16:07:02,Q4,106018000000,79400000000.0,26618000000,0.251071,591000000,11925000000,0.0,10669000000.0,16896000000,96296000000,-152000000,4380000000,18651000000,0.175923,9722000000,0.091701,1875000000.0,14716000000,0.138807,6073000000,8350000000,0.07876,1.91426,1.91426,4362000000,4362000000,https://www.sec.gov/Archives/edgar/data/34088/000003408814000012/xom10k2013.htm,https://www.sec.gov/Archives/edgar/data/34088/000003408814000012/xom10k2013.htm
2013-09-30,XOM,2013-11-05 00:00:00,2013-11-05 12:08:04,Q3,108390000000,81685000000.0,26705000000,0.246379,486000000,11673000000,0.0,9842000000.0,16446000000,98131000000,52000000,4287000000,18329000000,0.169102,10259000000,0.094649,538000000.0,14189000000,0.130907,6120000000,7870000000,0.072608,1.79067,1.79067,4395000000,4395000000,https://www.sec.gov/Archives/edgar/data/34088/000003408813000046/0000034088-13-000046-index.html,https://www.sec.gov/Archives/edgar/data/34088/000003408813000046/xom10q3q2013.htm
2013-06-30,XOM,2013-08-06 00:00:00,2013-08-06 11:54:46,Q2,103050000000,77508000000.0,25542000000,0.24786,454000000,11446000000,0.0,10278000000.0,16305000000,93813000000,85000000,4405000000,17143000000,0.166356,9237000000,0.089636,518000000.0,12768000000,0.123901,5793000000,6860000000,0.06657,1.54748,1.54748,4433000000,4433000000,https://www.sec.gov/Archives/edgar/data/34088/000003408813000035/0000034088-13-000035-index.html,https://www.sec.gov/Archives/edgar/data/34088/000003408813000035/xom10q2q2013.htm
2013-03-31,XOM,2013-05-02 00:00:00,2013-05-02 11:50:47,Q1,103378000000,76677000000.0,26701000000,0.258285,445000000,11063000000,0.0,9736000000.0,15618000000,92295000000,24000000,4110000000,19911000000,0.192604,11083000000,0.107208,561000000.0,16038000000,0.155139,6277000000,9500000000,0.091896,2.11817,2.11817,4485000000,4485000000,https://www.sec.gov/Archives/edgar/data/34088/000003408813000019/0000034088-13-000019-index.html,https://www.sec.gov/Archives/edgar/data/34088/000003408813000019/xom10q1q2013.htm
2012-12-31,XOM,2013-02-27 00:00:00,2013-02-27 16:05:06,Q4,109161000000,80834000000.0,28327000000,0.259497,452000000,11492000000,0.0,38521000000.0,16054000000,96888000000,327000000,4110000000,21785000000,0.199568,12273000000,0.11243,1775000000.0,17700000000,0.162146,7398000000,9950000000,0.09115,2.19115,2.19115,4541000000,4541000000,https://www.sec.gov/Archives/edgar/data/34088/000003408813000011/0000034088-13-000011-index.html,https://www.sec.gov/Archives/edgar/data/34088/000003408813000011/xom10k2012.htm
2012-11-06,XOM,2012-11-06,2012-11-06 12:14:21,Q3,115706000000,0.0,115706000000,1.0,-894000000,3468000000,0.0,-19637000000.0,3468000000,3468000000,-157000000,-7741000000,9579000000,0.204628981449,17320000000,0.173839373787,766000000.0,17320000000,0.173839373787,-16253000000,17320000000,0.100868679798,2.1439,2.1439,8078743068,8078743068,https://www.sec.gov/Archives/edgar/data/34088/000003408812000050/0000034088-12-000050-index.htm,https://www.sec.gov/Archives/edgar/data/34088/000003408812000050/xom10q3q12.htm
2012-09-30,XOM,2012-11-06 00:00:00,2012-11-06 12:14:21,Q3,110989000000,81880000000.0,29109000000,0.262269,494000000,11351000000,0.0,0.0,15882000000,97762000000,3327000000,4037000000,24328000000,0.219193,13227000000,0.119174,766000000.0,17320000000,0.156052,7394000000,9570000000,0.086225,2.08179,2.08179,4597000000,4597000000,https://www.sec.gov/Archives/edgar/data/34088/000003408812000050/0000034088-12-000050-index.html,https://www.sec.gov/Archives/edgar/data/34088/000003408812000050/xom10q3q12.htm
2012-06-30,XOM,2012-08-02 00:00:00,2012-08-02 13:10:52,Q2,112170000000,83583000000.0,28587000000,0.254854,372000000,12693000000,0.0,9787000000.0,16857000000,100440000000,50000000,3899000000,28396000000,0.253151,11730000000,0.104573,10967000000.0,26191000000,0.233494,8537000000,15910000000,0.141838,3.46699,3.46699,4589000000,4589000000,https://www.sec.gov/Archives/edgar/data/34088/000003408812000036/0000034088-12-000036-index.html,https://www.sec.gov/Archives/edgar/data/34088/000003408812000036/xom10q2q12.htm
2012-03-31,XOM,2012-05-03 00:00:00,2012-05-03 14:56:03,Q1,119189000000,88168000000.0,31021000000,0.260267,522000000,13899000000,0.0,9850000000.0,18370000000,106538000000,107000000,3842000000,21115000000,0.177156,12651000000,0.106142,654000000.0,17515000000,0.146951,7716000000,9450000000,0.079286,2.00382,2.00382,4716000000,4716000000,https://www.sec.gov/Archives/edgar/data/34088/000119312512208076/0001193125-12-208076-index.html,https://www.sec.gov/Archives/edgar/data/34088/000119312512208076/d328062d10q.htm
2011-12-31,XOM,2012-02-24 00:00:00,2012-02-24 16:08:32,Q4,115909000000,86018000000.0,29891000000,0.257883,427000000,13973000000,0.0,10227000000.0,18550000000,104568000000,75000000,4075000000,20867000000,0.180029,11341000000,0.097844,1873000000.0,17041000000,0.147021,7317000000,9400000000,0.081098,1.96735,1.96735,4778000000,4778000000,https://www.sec.gov/Archives/edgar/data/34088/000119312512078102/0001193125-12-078102-index.html,https://www.sec.gov/Archives/edgar/data/34088/000119312512078102/d257530d10k.htm
2011-09-30,XOM,2011-11-03 00:00:00,2011-11-03 11:41:58,Q3,120475000000,87972000000.0,32503000000,0.26979,728000000,13986000000,0.0,10199000000.0,18678000000,106650000000,98000000,3866000000,22303000000,0.185126,13825000000,0.114754,940000000.0,18680000000,0.155053,8009000000,10330000000,0.085744,2.13298,2.13298,4843000000,4843000000,https://www.sec.gov/Archives/edgar/data/34088/000119312511294424/0001193125-11-294424-index.html,https://www.sec.gov/Archives/edgar/data/34088/000119312511294424/d232655d10q.htm
2011-06-30,XOM,2011-08-04 00:00:00,2011-08-04 12:19:05,Q2,121394000000,88382000000.0,33012000000,0.271941,592000000,13967000000,0.0,10322000000.0,18485000000,106867000000,45000000,3881000000,22327000000,0.183922,14527000000,0.119668,372000000.0,18619000000,0.153377,7721000000,10680000000,0.087978,2.17427,2.17427,4912000000,4912000000,https://www.sec.gov/Archives/edgar/data/34088/000119312511209772/0001193125-11-209772-index.html,https://www.sec.gov/Archives/edgar/data/34088/000119312511209772/d10q.htm
2011-03-31,XOM,2011-05-05 00:00:00,2011-05-05 12:53:46,Q1,109251000000,77933000000.0,31318000000,0.286661,334000000,13030000000,0.0,9520000000.0,17154000000,95087000000,29000000,3761000000,22444000000,0.205435,14164000000,0.129646,926000000.0,18917000000,0.173152,8004000000,10650000000,0.097482,2.14243,2.14243,4971000000,4971000000,https://www.sec.gov/Archives/edgar/data/34088/000119312511127973/0001193125-11-127973-index.html,https://www.sec.gov/Archives/edgar/data/34088/000119312511127973/d10q.htm
2010-12-31,XOM,2011-02-25,2011-02-25 16:07:35,Q4,101042000000,71443000000.0,29599000000,0.292938,551000000,13485000000,0.0,9999000000.0,18416000000,89859000000,110000000,4270000000,19441000000,0.192405,11183000000,0.110677,691000000.0,15327000000,0.151689,5811000000,9250000000,0.091546,1.85,1.85,5000000000,5000000000,https://www.sec.gov/Archives/edgar/data/34088/000119312511047394/d10k.htm,https://www.sec.gov/Archives/edgar/data/34088/000119312511047394/d10k.htm
2010-09-30,XOM,2010-11-03 00:00:00,2010-11-03 15:42:58,Q3,92353000000,65029000000.0,27324000000,0.295865,500000000,13013000000,0.0,8982000000.0,17411000000,82440000000,54000000,3844000000,16545000000,0.17915,9913000000,0.107338,502000000.0,12858000000,0.139227,5297000000,7350000000,0.079586,1.44429,1.44429,5089000000,5089000000,https://www.sec.gov/Archives/edgar/data/34088/000119312510246050/0001193125-10-246050-index.html,https://www.sec.gov/Archives/edgar/data/34088/000119312510246050/d10q.htm
2010-06-30,XOM,2010-08-04 00:00:00,2010-08-04 15:04:53,Q2,89693000000,63791000000.0,25902000000,0.288785,407000000,12176000000,0.0,8376000000.0,15989000000,79780000000,40000000,3366000000,15926000000,0.177561,9913000000,0.110521,549000000.0,12706000000,0.141661,4960000000,7560000000,0.084288,1.59865,1.59865,4729000000,4729000000,https://www.sec.gov/Archives/edgar/data/34088/000119312510177038/0001193125-10-177038-index.html,https://www.sec.gov/Archives/edgar/data/34088/000119312510177038/d10q.htm
2010-03-31,XOM,2010-05-06 00:00:00,2010-05-06 13:53:44,Q1,87037000000,62035000000.0,25002000000,0.287257,686000000,12127000000,0.0,8435000000.0,16148000000,78183000000,55000000,3280000000,15128000000,0.173811,8854000000,0.101727,677000000.0,12068000000,0.138654,5493000000,6300000000,0.072383,1.33024,1.33024,4736000000,4736000000,https://www.sec.gov/Archives/edgar/data/34088/000119312510110539/0001193125-10-110539-index.html,https://www.sec.gov/Archives/edgar/data/34088/000119312510110539/d10q.htm
2009-12-31,XOM,2010-02-26 00:00:00,2010-02-26 16:17:17,Q4,87115000000,62351000000.0,24764000000,0.284268,685000000,13370000000,0.0,0.0,17284000000,79635000000,-36000000,3193000000,13274000000,0.152373,7480000000,0.085864,311000000.0,10206000000,0.117155,4067000000,6050000000,0.069448,1.27101,1.27101,4760000000,4760000000,https://www.sec.gov/Archives/edgar/data/34088/000119312510042929/0001193125-10-042929-index.html,https://www.sec.gov/Archives/edgar/data/34088/000119312510042929/d10k.htm
2009-09-30,XOM,2009-11-05 00:00:00,2009-11-05 14:18:41,Q3,80090000000,56591000000.0,23499000000,0.293407,495000000,12981000000,0.0,0.0,16465000000,73056000000,-62000000,2927000000,11928000000,0.148932,7034000000,0.087826,495000000.0,9204000000,0.114921,4333000000,4730000000,0.059059,0.9848,0.9848,4803000000,4803000000,https://www.sec.gov/Archives/edgar/data/34088/000119312509225285/0001193125-09-225285-index.html,https://www.sec.gov/Archives/edgar/data/34088/000119312509225285/d10q.htm
2009-06-30,XOM,2009-08-05 00:00:00,2009-08-05 14:45:57,Q2,72167000000,51148000000.0,21019000000,0.291255,490000000,11955000000,0.0,0.0,15792000000,66940000000,-343000000,3004000000,10182000000,0.141089,5227000000,0.072429,707000000.0,7517000000,0.104161,3571000000,3950000000,0.054734,0.81092,0.81092,4871000000,4871000000,https://www.sec.gov/Archives/edgar/data/34088/000119312509165196/0001193125-09-165196-index.html,https://www.sec.gov/Archives/edgar/data/34088/000119312509165196/d10q.htm
2009-03-31,XOM,2009-05-05 00:00:00,2009-05-05 11:44:38,Q1,62128000000,41679000000.0,20449000000,0.329143,351000000,11248000000,0.0,0.0,14499000000,56178000000,-107000000,2793000000,10384000000,0.167139,5950000000,0.09577,430000000.0,7850000000,0.126352,3148000000,4550000000,0.073236,0.91752,0.91752,4959000000,4959000000,https://www.sec.gov/Archives/edgar/data/34088/000003408809000039/0000034088-09-000039-index.html,https://www.sec.gov/Archives/edgar/data/34088/000003408809000039/r10q050509.htm
2008-12-31,XOM,2009-02-27 00:00:00,2009-02-27 16:16:54,Q4,80495000000,54769000000.0,25726000000,0.319597,368000000,12465000000,0.0,0.0,16128000000,70897000000,-118000000,3177000000,16254000000,0.201926,9598000000,0.119237,1736000000.0,13799000000,0.171427,5375000000,7820000000,0.097149,1.54484,1.54484,5062000000,5062000000,https://www.sec.gov/Archives/edgar/data/34088/000119312509040966/0001193125-09-040966-index.html,https://www.sec.gov/Archives/edgar/data/34088/000119312509040966/d10k.htm
2008-09-30,XOM,2008-11-04 00:00:00,2008-11-04 15:45:50,Q3,132085000000,92503000000.0,39582000000,0.299671,403000000,14812000000,0.0,0.0,18541000000,111044000000,-318000000,3008000000,28847000000,0.218397,21041000000,0.159299,2828000000.0,26693000000,0.20209,11327000000,14830000000,0.112276,2.86404,2.86404,5178000000,5178000000,https://www.sec.gov/Archives/edgar/data/34088/000003408808000127/0000034088-08-000127-index.html,https://www.sec.gov/Archives/edgar/data/34088/000003408808000127/r10q110408.htm
2008-06-30,XOM,2008-08-05 00:00:00,2008-08-05 15:28:07,Q2,133776000000,96299000000.0,37477000000,0.280147,338000000,15807000000,0.0,0.0,19342000000,115641000000,-107000000,3090000000,25189000000,0.188292,18135000000,0.135562,1313000000.0,22431000000,0.167676,10526000000,11680000000,0.08731,2.2117,2.2117,5281000000,5281000000,https://www.sec.gov/Archives/edgar/data/34088/000003408808000104/0000034088-08-000104-index.html,https://www.sec.gov/Archives/edgar/data/34088/000003408808000104/r10q080508.htm
2008-03-31,XOM,2008-05-06 00:00:00,2008-05-06 14:33:28,Q1,113223000000,78296000000.0,34927000000,0.30848,342000000,14508000000,0.0,0.0,18084000000,96380000000,-130000000,3104000000,23166000000,0.204605,16843000000,0.14876,822000000.0,20474000000,0.180829,9302000000,10890000000,0.096182,2.02454,2.02454,5379000000,5379000000,https://www.sec.gov/Archives/edgar/data/34088/000003408808000057/0000034088-08-000057-index.html,https://www.sec.gov/Archives/edgar/data/34088/000003408808000057/r10q050608.htm
2007-12-31,XOM,2008-02-28,2008-02-28 16:17:53,Q4,111965000000,77560000000.0,34405000000,0.307284,495000000,15299000000,0.0,0.0,19360000000,96920000000,-128000000,3155000000,22749000000,0.20318,15045000000,0.134372,1864000000.0,19722000000,0.176144,8062000000,11660000000,0.10414,2.13788,2.13788,5454000000,5454000000,https://www.sec.gov/Archives/edgar/data/34088/000119312508041781/d10k.htm,https://www.sec.gov/Archives/edgar/data/34088/000119312508041781/d10k.htm
2007-09-30,XOM,2007-11-07 00:00:00,2007-11-07 11:01:09,Q3,99130000000,67827000000.0,31303000000,0.315777,349000000,13885000000,0.0,0.0,17750000000,85577000000,-73000000,3159000000,19846000000,0.200202,13553000000,0.136719,1049000000.0,16760000000,0.169071,7350000000,9410000000,0.094926,1.69978,1.69978,5536000000,5536000000,https://www.sec.gov/Archives/edgar/data/34088/000003408807000152/0000034088-07-000152-index.html,https://www.sec.gov/Archives/edgar/data/34088/000003408807000152/r10q110707.htm
2007-06-30,XOM,2007-08-07 00:00:00,2007-08-07 11:01:56,Q2,95059000000,63115000000.0,31944000000,0.336044,353000000,13676000000,0.0,0.0,17307000000,80422000000,-96000000,2994000000,20826000000,0.219085,14637000000,0.153978,1276000000.0,17928000000,0.188599,7668000000,10260000000,0.107933,1.82562,1.82562,5620000000,5620000000,https://www.sec.gov/Archives/edgar/data/34088/000003408807000114/0000034088-07-000114-index.html,https://www.sec.gov/Archives/edgar/data/34088/000003408807000114/r10q080707.htm
2007-03-31,XOM,2007-05-08 00:00:00,2007-05-08 12:05:00,Q1,84174000000,54609000000.0,29565000000,0.351237,272000000,12983000000,0.0,0.0,16550000000,71159000000,-103000000,2942000000,18903000000,0.224571,13015000000,0.15462,1134000000.0,16064000000,0.190843,6784000000,9280000000,0.110248,1.62408,1.62408,5714000000,5714000000,https://www.sec.gov/Archives/edgar/data/34088/000003408807000070/0000034088-07-000070-index.html,https://www.sec.gov/Archives/edgar/data/34088/000003408807000070/r10q050807.htm
2006-12-31,XOM,2007-02-28,2007-02-28 14:53:51,Q4,86858000000,56554000000.0,30304000000,0.348891,371000000,13835000000,0.0,0.0,17913000000,74467000000,-101000000,3282000000,18742000000,0.215777,12391000000,0.142658,1450000000.0,15561000000,0.179154,5311000000,10250000000,0.118009,1.76238,1.76238,5816000000,5816000000,https://www.sec.gov/Archives/edgar/data/34088/000119312507042435/d10k.htm,https://www.sec.gov/Archives/edgar/data/34088/000119312507042435/d10k.htm
2006-09-30,XOM,2006-11-08,2006-11-08 15:53:53,Q3,96268000000,64185000000.0,32083000000,0.333268,352000000,13575000000,0.0,0.0,17230000000,81415000000,-281000000,2730000000,20627000000,0.214266,14853000000,0.154288,1547000000.0,18178000000,0.188827,7688000000,10490000000,0.108967,1.77136,1.77136,5922000000,5922000000,https://www.sec.gov/Archives/edgar/data/34088/000003408806000157/r10q110806.htm,https://www.sec.gov/Archives/edgar/data/34088/000003408806000157/r10q110806.htm
2006-06-30,XOM,2006-08-04,2006-08-04 10:53:43,Q2,96024000000,63807000000.0,32217000000,0.33551,176000000,13727000000,0.0,0.0,17023000000,80830000000,-107000000,2760000000,20857000000,0.217206,15194000000,0.158231,1323000000.0,18204000000,0.189578,7844000000,10360000000,0.10789,1.71808,1.71808,6030000000,6030000000,https://www.sec.gov/Archives/edgar/data/34088/000003408806000116/r10q080406.htm,https://www.sec.gov/Archives/edgar/data/34088/000003408806000116/r10q080406.htm
2006-03-31,XOM,2006-05-04,2006-05-04 11:11:52,Q1,86317000000,57909000000.0,28408000000,0.329112,282000000,12339000000,0.0,0.0,15612000000,73521000000,-165000000,2644000000,17938000000,0.207815,12796000000,0.148244,863000000.0,15459000000,0.179096,7059000000,8400000000,0.097316,1.3712,1.3712,6126000000,6126000000,https://www.sec.gov/Archives/edgar/data/34088/000119312506040951/d10k.htm,https://www.sec.gov/Archives/edgar/data/34088/000119312506040951/d10k.htm
2005-12-31,XOM,2006-02-28,2006-02-28 12:45:59,Q4,96127000000,64444000000.0,31683000000,0.329595,329000000,13728000000,0.0,0.0,17182000000,81626000000,-423000000,2671000000,19966000000,0.207704,14501000000,0.150853,1591000000.0,17718000000,0.184319,7008000000,10710000000,0.111415,1.72436,1.72436,6211000000,6211000000,https://www.sec.gov/Archives/edgar/data/34088/000119312506040951/d10k.htm,https://www.sec.gov/Archives/edgar/data/34088/000119312506040951/d10k.htm
2005-09-30,XOM,2005-11-04,2005-11-04 10:14:08,Q3,96731000000,67042000000.0,29689000000,0.306923,248000000,14615000000,0.0,0.0,17623000000,84665000000,171000000,2513000000,18736000000,0.193692,12066000000,0.124738,906000000.0,16052000000,0.165945,6132000000,9920000000,0.102552,1.57385,1.57385,6303000000,6303000000,https://www.sec.gov/Archives/edgar/data/34088/000003408805000158/r10q110405.htm,https://www.sec.gov/Archives/edgar/data/34088/000003408805000158/r10q110405.htm
2005-06-30,XOM,2005-08-04,2005-08-04 10:22:32,Q2,86622000000,58659000000.0,27963000000,0.322816,214000000,13977000000,0.0,0.0,17150000000,75809000000,-188000000,2516000000,15087000000,0.174171,10813000000,0.12483,625000000.0,12759000000,0.147295,5119000000,7640000000,0.088199,1.19937,1.19937,6370000000,6370000000,https://www.sec.gov/Archives/edgar/data/34088/000003408805000119/r10q080405.htm,https://www.sec.gov/Archives/edgar/data/34088/000003408805000119/r10q080405.htm
2005-03-31,XOM,2005-05-05,2005-05-05 10:33:15,Q1,79475000000,52635000000.0,26840000000,0.337716,173000000,13636000000,0.0,0.0,16513000000,69148000000,-56000000,2553000000,15400000000,0.193772,10327000000,0.12994,1020000000.0,12903000000,0.162353,5043000000,7860000000,0.098899,1.22468,1.22468,6418000000,6418000000,https://www.sec.gov/Archives/edgar/data/34088/000119312505038144/d10k.htm,https://www.sec.gov/Archives/edgar/data/34088/000119312505038144/d10k.htm
2004-12-31,XOM,2005-02-28,2005-02-28 11:31:22,Q4,81118000000,52233000000.0,28885000000,0.356086,309000000,14583000000,0.0,0.0,17867000000,70100000000,-179000000,2613000000,15699000000,0.193533,11018000000,0.135827,773000000.0,13265000000,0.163527,4845000000,8420000000,0.103799,1.3032,1.3032,6461000000,6461000000,https://www.sec.gov/Archives/edgar/data/34088/000119312505038144/d10k.htm,https://www.sec.gov/Archives/edgar/data/34088/000119312505038144/d10k.htm
2004-09-30,XOM,2004-11-08,2004-11-08 10:52:46,Q3,74854000000,49813000000.0,25041000000,0.334531,388000000,13551000000,0.0,0.0,17028000000,66841000000,-287000000,2431000000,11678000000,0.15601,8013000000,0.107048,302000000.0,9534000000,0.127368,3854000000,5680000000,0.075881,0.87277,0.87277,6508000000,6508000000,https://www.sec.gov/Archives/edgar/data/34088/000003408804000250/r10q110804.htm,https://www.sec.gov/Archives/edgar/data/34088/000003408804000250/r10q110804.htm
2004-06-30,XOM,2004-08-06,2004-08-06 10:15:19,Q2,69220000000,45182000000.0,24038000000,0.34727,226000000,13263000000,0.0,0.0,16031000000,61213000000,-172000000,2350000000,11958000000,0.172754,8007000000,0.115675,761000000.0,9780000000,0.141289,3690000000,6090000000,0.08798,0.9302,0.9302,6547000000,6547000000,https://www.sec.gov/Archives/edgar/data/34088/000003408804000163/r10q080604.htm,https://www.sec.gov/Archives/edgar/data/34088/000003408804000163/r10q080604.htm
2004-03-31,XOM,2004-05-07,2004-05-07 11:36:50,Q1,66060000000,42484000000.0,23576000000,0.356888,175000000,13406000000,0.0,0.0,16156000000,58640000000,-48000000,2373000000,11287000000,0.17086,7420000000,0.112322,286000000.0,8962000000,0.135665,3522000000,5440000000,0.082349,0.8265,0.8265,6582000000,6582000000,https://www.sec.gov/Archives/edgar/data/34088/000119312504041877/d10k.htm,https://www.sec.gov/Archives/edgar/data/34088/000119312504041877/d10k.htm
2003-12-31,XOM,2004-03-15,2004-03-15 12:53:35,Q4,61939000000,39631000000.0,22308000000,0.360161,454000000,13822000000,0.0,-2074000000.0,16943000000,56574000000,-166000000,2493000000,11705000000,0.188976,5365000000,0.086617,0.0,9378000000,0.151407,2728000000,6650000000,0.107364,1.00575,1.00575,6612000000,6612000000,https://www.sec.gov/Archives/edgar/data/34088/000119312504041877/d10k.htm,https://www.sec.gov/Archives/edgar/data/34088/000119312504041877/d10k.htm
2003-09-30,XOM,2003-11-13,2003-11-13 16:57:10,Q3,58760000000,38450000000.0,20310000000,0.345643,227000000,12857000000,0.0,2074000000.0,15429000000,53879000000,-41000000,2203000000,8124000000,0.138257,4881000000,0.083067,0.0,5962000000,0.101464,2312000000,3650000000,0.062117,0.54871,0.54871,6652000000,6652000000,https://www.sec.gov/Archives/edgar/data/34088/000003408803000141/f10q3q2003masterv61.htm,https://www.sec.gov/Archives/edgar/data/34088/000003408803000141/f10q3q2003masterv61.htm
2003-06-30,XOM,,,Q2,56167000000,35443000000.0,20724000000,0.368971,182000000,12453000000,0.0,0.0,14974000000,50417000000,615000000,2169000000,9532000000,0.169708,5750000000,0.102373,383000000.0,6748000000,0.120142,2578000000,4170000000,0.074243,0.6236,0.6236,6687000000,6687000000,,
2003-03-31,XOM,,,Q1,60188000000,39249000000.0,20939000000,0.347893,147000000,11909000000,0.0,0.0,14653000000,53902000000,2283000000,2182000000,14893000000,0.247441,6286000000,0.104439,1309000000.0,9878000000,0.164119,3388000000,7040000000,0.116967,1.04856,1.04856,6714000000,6714000000,,
2002-12-31,XOM,,,Q4,55191000000,35956000000.0,19235000000,0.348517,311000000,11930000000,0.0,0.0,14838000000,50794000000,1020000000,2131000000,8968000000,0.16249,4397000000,0.079669,0.0,5417000000,0.09815,1727000000,4090000000,0.074106,0.60719,0.60719,6736000000,6736000000,,
2002-09-30,XOM,2002-11-12 00:00:00,2002-11-12 14:12:07,Q3,53194000000,35803000000.0,17391000000,0.326935,162000000,11215000000,0.0,0.0,13811000000,49614000000,904000000,2178000000,7577000000,0.142441,3580000000,0.067301,0.0,4484000000,0.084295,1855000000,2640000000,0.04963,0.38898,0.38898,6787000000,6787000000,https://www.sec.gov/Archives/edgar/data/34088/000003408802000043/0000034088-02-000043-index.html,https://www.sec.gov/Archives/edgar/data/34088/000003408802000043/r10q3q02s.txt
2002-06-30,XOM,2002-08-13 00:00:00,2002-08-13 15:40:55,Q2,49972000000,32481000000.0,17491000000,0.350016,229000000,11701000000,0.0,0.0,14042000000,46523000000,832000000,2003000000,7127000000,0.14262,3449000000,0.069019,0.0,4281000000,0.085668,1652000000,2640000000,0.05283,0.38647,0.38647,6831000000,6831000000,https://www.sec.gov/Archives/edgar/data/34088/000003408802000031/0000034088-02-000031-index.html,https://www.sec.gov/Archives/edgar/data/34088/000003408802000031/r10q2q02s.txt
2002-03-31,XOM,2002-05-14 00:00:00,2002-05-14 11:21:39,Q1,42592000000,26581000000.0,16011000000,0.375916,218000000,11082000000,0.0,0.0,13484000000,40065000000,801000000,1998000000,6154000000,0.144487,2527000000,0.05933,0.0,3328000000,0.078137,1265000000,2090000000,0.04907,0.30475,0.30475,6858000000,6858000000,https://www.sec.gov/Archives/edgar/data/34088/000003408802000010/0000034088-02-000010-index.html,https://www.sec.gov/Archives/edgar/data/34088/000003408802000010/first2002.txt
2001-12-31,XOM,2002-03-27 00:00:00,2002-03-27 00:00:00,Q4,47108000000,28983000000.0,18125000000,0.384754,311000000,12136000000,0.0,0.0,15121000000,44104000000,783000000,2044000000,6614000000,0.140401,3004000000,0.063768,0.0,3787000000,0.08039,1107000000,2680000000,0.056891,0.38914,0.38914,6887000000,6887000000,https://www.sec.gov/Archives/edgar/data/34088/000093066102000889/0000930661-02-000889-index.html,https://www.sec.gov/Archives/edgar/data/34088/000093066102000889/d10k.txt
2001-09-30,XOM,2001-11-13 00:00:00,2001-11-13 00:00:00,Q3,51132000000,32636000000.0,18496000000,0.36173,318000000,11616000000,0.0,0.0,14237000000,46873000000,981000000,1957000000,8178000000,0.159939,4259000000,0.083294,0.0,5240000000,0.10248,2060000000,3180000000,0.062192,0.45927,0.45927,6924000000,6924000000,https://www.sec.gov/Archives/edgar/data/34088/000003408801500024/0000034088-01-500024-index.html,https://www.sec.gov/Archives/edgar/data/34088/000003408801500024/thirdq01s.txt
2001-06-30,XOM,2001-08-13 00:00:00,2001-08-13 00:00:00,Q2,55101000000,35583000000.0,19518000000,0.354222,266000000,11272000000,0.0,0.0,13729000000,49312000000,1083000000,1871000000,10001000000,0.181503,5789000000,0.105062,0.0,6872000000,0.124716,2587000000,4460000000,0.080942,0.64053,0.64053,6963000000,6963000000,https://www.sec.gov/Archives/edgar/data/34088/000003408801500015/0000034088-01-500015-index.html,https://www.sec.gov/Archives/edgar/data/34088/000003408801500015/sec10qs.txt
2001-03-31,XOM,2001-05-14 00:00:00,2001-05-14 00:00:00,Q1,56076000000,35161000000.0,20915000000,0.372976,280000000,11253000000,0.0,0.0,13919000000,49080000000,1224000000,1976000000,11460000000,0.204366,6996000000,0.124759,0.0,8220000000,0.146587,3260000000,5000000000,0.089165,0.71541,0.71541,6989000000,6989000000,https://www.sec.gov/Archives/edgar/data/34088/000003408801500008/0000034088-01-500008-index.html,https://www.sec.gov/Archives/edgar/data/34088/000003408801500008/firstqs.txt
2000-12-31,XOM,2001-03-28 00:00:00,2001-03-28 00:00:00,Q4,62733000000,41152000000.0,21581000000,0.344014,325000000,11452000000,0.0,0.0,14579000000,55731000000,1410000000,2033000000,12170000000,0.193997,7002000000,0.111616,0.0,8412000000,0.134092,3507000000,5220000000,0.08321,0.7455,0.7455,7002000000,7002000000,https://www.sec.gov/Archives/edgar/data/34088/000093066101000781/0000930661-01-000781-index.html,https://www.sec.gov/Archives/edgar/data/34088/000093066101000781/0000930661-01-000781-0001.txt
2000-09-30,XOM,2000-11-13 00:00:00,2000-11-13 00:00:00,Q3,57497000000,37295000000.0,20202000000,0.351357,235000000,11887000000,0.0,0.0,14576000000,51871000000,1071000000,1901000000,10099000000,0.175644,5626000000,0.097849,0.0,6697000000,0.116476,2637000000,4490000000,0.078091,0.63751,0.63751,7043000000,7043000000,https://www.sec.gov/Archives/edgar/data/34088/000003408800000013/0000034088-00-000013-index.html,https://www.sec.gov/Archives/edgar/data/34088/000003408800000013/0000034088-00-000013-0001.txt
2000-06-30,XOM,2000-08-14 00:00:00,2000-08-14 00:00:00,Q2,54936000000,36253000000.0,18683000000,0.340087,166000000,10454000000,0.0,0.0,12997000000,49250000000,1020000000,1939000000,10195000000,0.18558,5686000000,0.103502,0.0,6706000000,0.122069,2706000000,4530000000,0.08246,0.64264,0.64264,7049000000,7049000000,https://www.sec.gov/Archives/edgar/data/34088/000003408800000009/0000034088-00-000009-index.html,https://www.sec.gov/Archives/edgar/data/34088/000003408800000009/0000034088-00-000009-0001.txt
2000-03-31,XOM,2000-05-12 00:00:00,2000-05-12 00:00:00,Q1,53273000000,34742000000.0,18531000000,0.34785,210000000,10959000000,0.0,0.0,14073000000,48815000000,808000000,2128000000,8657000000,0.162503,4458000000,0.083682,0.0,5266000000,0.098849,2241000000,3480000000,0.065324,0.49404,0.49404,7044000000,7044000000,https://www.sec.gov/Archives/edgar/data/34088/000003408800000004/0000034088-00-000004-index.html,https://www.sec.gov/Archives/edgar/data/34088/0000034088-00-000004.txt
1999-12-31,XOM,,,Q4,53674000000,34384000000.0,19290000000,0.359392,422000000,13440000000,0.0,0.0,16901000000,51285000000,908000000,2153000000,6358000000,0.118456,2389000000,0.044509,0.0,3297000000,0.061426,1013000000,2284000000,0.042553,0.32508,0.32508,7026000000,7026000000,,
1999-09-30,XOM,1999-11-12 00:00:00,1999-11-12 00:00:00,Q3,48415000000,31557000000.0,16858000000,0.348198,285000000,11435000000,0.0,0.0,13937000000,45494000000,571000000,1991000000,6054000000,0.125044,2921000000,0.060333,0.0,3492000000,0.072126,1304000000,2188000000,0.045193,0.31071,0.31071,7042000000,7042000000,https://www.sec.gov/Archives/edgar/data/34088/000003408899000012/0000034088-99-000012-index.html,https://www.sec.gov/Archives/edgar/data/34088/0000034088-99-000012.txt
1999-06-30,XOM,1999-08-13 00:00:00,1999-08-13 00:00:00,Q2,42458000000,26592000000.0,15866000000,0.373687,297000000,11560000000,0.0,0.0,14001000000,40593000000,819000000,1989000000,5492000000,0.129351,1865000000,0.043926,0.0,2684000000,0.063215,730000000,1954000000,0.046022,0.2774,0.2774,7044000000,7044000000,https://www.sec.gov/Archives/edgar/data/34088/000003408899000005/0000034088-99-000005-index.html,https://www.sec.gov/Archives/edgar/data/34088/0000034088-99-000005.txt
1999-03-31,XOM,1999-05-13 00:00:00,1999-05-13 00:00:00,Q1,37982000000,22930000000.0,15052000000,0.396293,242000000,11464000000,0.0,0.0,14075000000,37005000000,700000000,2171000000,4548000000,0.119741,977000000,0.025723,0.0,1677000000,0.044152,193000000,1484000000,0.039071,0.21104,0.21104,7032000000,7032000000,https://www.sec.gov/Archives/edgar/data/34088/000003408899000004/0000034088-99-000004-index.html,https://www.sec.gov/Archives/edgar/data/34088/0000034088-99-000004.txt
1998-12-31,XOM,,,Q4,40291000000,22668000000.0,17623000000,0.437393,527000000,13495000000,0.0,0.0,16832000000,39500000000,1177000000,2522000000,5667000000,0.140652,791000000,0.019632,0.0,1968000000,0.048845,590000000,1378000000,0.034201,0.19206,0.19206,7175000000,7175000000,,
1998-09-30,XOM,1998-11-12 00:00:00,1998-11-12 00:00:00,Q3,40785000000,25373000000.0,15412000000,0.377884,387000000,11145000000,0.0,0.0,13729000000,39102000000,1197000000,1923000000,6000000000,0.147113,1683000000,0.041265,0.0,2880000000,0.070614,971000000,1909000000,0.046806,0.27024,0.27024,7064000000,7064000000,https://www.sec.gov/Archives/edgar/data/34088/000003408898000005/0000034088-98-000005-index.html,https://www.sec.gov/Archives/edgar/data/34088/0000034088-98-000005.txt
1998-06-30,XOM,1998-08-14 00:00:00,1998-08-14 00:00:00,Q2,41831000000,25835000000.0,15996000000,0.382396,334000000,11090000000,0.0,0.0,13471000000,39306000000,767000000,1967000000,6026000000,0.144056,2525000000,0.060362,0.0,3292000000,0.078698,1030000000,2262000000,0.054075,0.31895,0.31895,7092000000,7092000000,https://www.sec.gov/Archives/edgar/data/34088/000003408898000003/0000034088-98-000003-index.html,https://www.sec.gov/Archives/edgar/data/34088/0000034088-98-000003.txt
1998-03-31,XOM,1998-05-13 00:00:00,1998-05-13 00:00:00,Q1,42720000000,26861000000.0,15859000000,0.371231,258000000,10398000000,0.0,0.0,12790000000,39651000000,874000000,1943000000,6690000000,0.156601,3069000000,0.07184,0.0,3943000000,0.092299,1348000000,2525000000,0.059106,0.35533,0.35533,7106000000,7106000000,https://www.sec.gov/Archives/edgar/data/34088/000003408898000001/0000034088-98-000001-index.html,https://www.sec.gov/Archives/edgar/data/34088/0000034088-98-000001.txt
1997-12-31,XOM,,,Q4,46118000000,43380000000.0,2738000000,0.059369,510000000,-4017000000,0.0,0.0,-776000000,42604000000,1422000000,2312000000,8670000000,0.187996,3514000000,0.076196,0.0,4936000000,0.10703,1732000000,3204000000,0.069474,0.45576,0.45576,7030000000,7030000000,,
1997-09-30,XOM,1997-11-12 00:00:00,1997-11-12 00:00:00,Q3,48331000000,26964000000.0,21367000000,0.442097,279000000,15241000000,0.0,0.0,17754000000,44718000000,815000000,1889000000,7132000000,0.147566,3613000000,0.074755,0.0,4428000000,0.091618,1716000000,2712000000,0.056113,0.37845,0.37845,7166000000,7166000000,https://www.sec.gov/Archives/edgar/data/34088/000003408897000006/0000034088-97-000006-index.html,https://www.sec.gov/Archives/edgar/data/34088/0000034088-97-000006.txt
1997-06-30,XOM,1997-08-12 00:00:00,1997-08-12 00:00:00,Q2,50051000000,28217000000.0,21834000000,0.436235,223000000,15510000000,0.0,0.0,18015000000,46232000000,926000000,1989000000,7660000000,0.153044,3819000000,0.076302,0.0,4745000000,0.094803,1930000000,2815000000,0.056243,0.39283,0.39283,7166000000,7166000000,https://www.sec.gov/Archives/edgar/data/34088/000003408897000005/0000034088-97-000005-index.html,https://www.sec.gov/Archives/edgar/data/34088/0000034088-97-000005.txt
1997-03-31,XOM,1997-05-13 00:00:00,1997-05-13 00:00:00,Q1,50655000000,29197000000.0,21458000000,0.423611,240000000,14404000000,0.0,0.0,16963000000,46160000000,734000000,2038000000,8001000000,0.157951,4495000000,0.088738,0.0,5229000000,0.103228,2228000000,3001000000,0.059244,0.41739,0.41739,7190000000,7190000000,https://www.sec.gov/Archives/edgar/data/34088/000003408897000003/0000034088-97-000003-index.html,https://www.sec.gov/Archives/edgar/data/34088/0000034088-97-000003.txt
1996-12-31,XOM,,,Q4,55209000000,52877000000.0,2332000000,0.042239,500000000,-4742000000,0.0,0.0,-1436000000,51441000000,1619000000,2166000000,9172000000,0.166132,3768000000,0.06825,0.0,5387000000,0.097575,2216000000,3171000000,0.057436,0.41972,0.41972,7555000000,7555000000,,
1996-09-30,XOM,1996-11-13 00:00:00,1996-11-13 00:00:00,Q3,52790000000,29016000000.0,23774000000,0.45035,338000000,17901000000,0.0,0.0,20479000000,49495000000,857000000,1952000000,6961000000,0.131862,3295000000,0.062417,0.0,4152000000,0.078651,1823000000,2329000000,0.044118,0.33045,0.33045,7048000000,7048000000,https://www.sec.gov/Archives/edgar/data/34088/000003408896000006/0000034088-96-000006-index.html,https://www.sec.gov/Archives/edgar/data/34088/0000034088-96-000006.txt
1996-06-30,XOM,1996-08-13 00:00:00,1996-08-13 00:00:00,Q2,50887000000,27823000000.0,23064000000,0.45324,221000000,17225000000,0.0,0.0,19668000000,47491000000,844000000,1909000000,6993000000,0.137422,3396000000,0.066736,0.0,4240000000,0.083322,1887000000,2353000000,0.04624,0.33376,0.33376,7050000000,7050000000,https://www.sec.gov/Archives/edgar/data/34088/000003408896000003/0000034088-96-000003-index.html,https://www.sec.gov/Archives/edgar/data/34088/0000034088-96-000003.txt
1996-03-31,XOM,1996-05-14 00:00:00,1996-05-14 00:00:00,Q1,49002000000,26556000000.0,22446000000,0.458063,216000000,16412000000,0.0,0.0,18986000000,45542000000,903000000,2027000000,7293000000,0.148831,3460000000,0.070609,0.0,4363000000,0.089037,1742000000,2621000000,0.053488,0.37172,0.37172,7051000000,7051000000,https://www.sec.gov/Archives/edgar/data/34088/000003408896000002/0000034088-96-000002-index.html,https://www.sec.gov/Archives/edgar/data/34088/0000034088-96-000002.txt
1995-12-31,XOM,1996-03-08 00:00:00,1996-03-08 00:00:00,Q4,49990000000,26198000000.0,23792000000,0.475935,357000000,18148000000,0.0,0.0,21619000000,47817000000,1772000000,2905000000,8622000000,0.172474,2173000000,0.043469,0.0,3945000000,0.078916,1490000000,2455000000,0.04911,0.33474,0.33474,7334000000,7334000000,https://www.sec.gov/Archives/edgar/data/34088/000093066196000138/0000930661-96-000138-index.html,https://www.sec.gov/Archives/edgar/data/34088/0000930661-96-000138.txt
1995-09-30,XOM,1995-11-13 00:00:00,1995-11-13 00:00:00,Q3,48844000000,25724000000.0,23120000000,0.473344,254000000,17336000000,0.0,0.0,19989000000,45713000000,762000000,2028000000,6683000000,0.136823,3131000000,0.064102,0.0,3893000000,0.079703,1607000000,2286000000,0.046802,0.32398,0.32398,7056000000,7056000000,https://www.sec.gov/Archives/edgar/data/34088/000003408895000004/0000034088-95-000004-index.html,https://www.sec.gov/Archives/edgar/data/34088/0000034088-95-000004.txt
1995-06-30,XOM,1995-08-10 00:00:00,1995-08-10 00:00:00,Q2,49784000000,27252000000.0,22532000000,0.452595,246000000,17209000000,0.0,0.0,20010000000,47262000000,732000000,2196000000,6182000000,0.124176,2522000000,0.050659,0.0,3254000000,0.065362,1445000000,1809000000,0.036337,0.25623,0.25623,7060000000,7060000000,https://www.sec.gov/Archives/edgar/data/34088/000003408895000003/0000034088-95-000003-index.html,https://www.sec.gov/Archives/edgar/data/34088/0000034088-95-000003.txt
1995-03-31,XOM,1995-05-11 00:00:00,1995-05-11 00:00:00,Q1,46599000000,25548000000.0,21051000000,0.451748,263000000,15535000000,0.0,0.0,18117000000,43665000000,807000000,2005000000,6553000000,0.140625,2934000000,0.062963,0.0,3741000000,0.080281,1445000000,2296000000,0.049271,0.3253,0.3253,7058000000,7058000000,https://www.sec.gov/Archives/edgar/data/34088/000003408895000002/0000034088-95-000002-index.html,https://www.sec.gov/Archives/edgar/data/34088/0000034088-95-000002.txt
1994-12-31,XOM,1995-03-10 00:00:00,1995-03-10 00:00:00,Q4,49188000000,26753000000.0,22435000000,0.456107,420000000,17024000000,0.0,0.0,19813000000,46566000000,1034000000,2029000000,6719000000,0.136598,2622000000,0.053306,0.0,3656000000,0.074327,1233000000,2423000000,0.04926,0.34476,0.34476,7028000000,7028000000,https://www.sec.gov/Archives/edgar/data/34088/000095010995000647/0000950109-95-000647-index.html,https://www.sec.gov/Archives/edgar/data/34088/0000950109-95-000647.txt
1994-09-30,XOM,1994-11-14 00:00:00,1994-11-14 00:00:00,Q3,45976000000,24591000000.0,21385000000,0.465134,299000000,16371000000,0.0,0.0,18854000000,43445000000,473000000,1860000000,5337000000,0.116082,2531000000,0.05505,0.0,3004000000,0.065338,1346000000,1658000000,0.036062,0.23402,0.23402,7085000000,7085000000,https://www.sec.gov/Archives/edgar/data/34088/000003408894000008/0000034088-94-000008-index.html,https://www.sec.gov/Archives/edgar/data/34088/0000034088-94-000008.txt
1994-06-30,XOM,1994-08-15 00:00:00,1994-08-15 00:00:00,Q2,43149000000,23471000000.0,19678000000,0.456048,243000000,15236000000,0.0,0.0,18026000000,41497000000,385000000,2267000000,4689000000,0.10867,1652000000,0.038286,0.0,2037000000,0.047209,954000000,1083000000,0.025099,0.15284,0.15284,7086000000,7086000000,https://www.sec.gov/Archives/edgar/data/34088/000003408894000003/0000034088-94-000003-index.html,https://www.sec.gov/Archives/edgar/data/34088/0000034088-94-000003.txt
1994-03-31,XOM,1994-05-11 00:00:00,1994-05-11 00:00:00,Q1,40572000000,21420000000.0,19152000000,0.47205,220000000,14225000000,0.0,0.0,16877000000,38297000000,510000000,1957000000,5252000000,0.129449,2275000000,0.056073,0.0,2785000000,0.068643,1090000000,1695000000,0.041778,0.23941,0.23941,7080000000,7080000000,https://www.sec.gov/Archives/edgar/data/34088/000003408894000002/0000034088-94-000002-index.html,https://www.sec.gov/Archives/edgar/data/34088/0000034088-94-000002.txt
1993-12-31,XOM,1994-03-11 00:00:00,1994-03-11 00:00:00,Q4,44521000000,22969000000.0,21552000000,0.484086,354000000,16171000000,0.0,0.0,18783000000,41752000000,355000000,1978000000,5457000000,0.122571,2769000000,0.062195,0.0,3124000000,0.070169,1275000000,1849000000,0.041531,0.2616,0.2616,7068000000,7068000000,https://www.sec.gov/Archives/edgar/data/34088/000095013194000308/0000950131-94-000308-index.html,https://www.sec.gov/Archives/edgar/data/34088/0000950131-94-000308.txt
1993-09-30,XOM,,,Q3,43060000000,23376000000.0,19684000000,0.45713,258000000,14769000000,0.0,0.0,17265000000,40641000000,744000000,1851000000,5758000000,0.13372,2419000000,0.056177,0.0,3163000000,0.073456,1137000000,2026000000,0.047051,0.28632,0.28632,7076000000,7076000000,,
1993-06-30,XOM,,,Q2,43647000000,24102000000.0,19545000000,0.447797,257000000,14921000000,0.0,0.0,17272000000,41374000000,542000000,1856000000,5213000000,0.119435,2273000000,0.052077,0.0,2815000000,0.064495,1001000000,1814000000,0.041561,0.25636,0.25636,7076000000,7076000000,,
1993-03-31,XOM,,,Q1,41778000000,23410000000.0,18368000000,0.439657,184000000,13580000000,0.0,0.0,15942000000,39352000000,539000000,1828000000,5332000000,0.127627,2426000000,0.058069,0.0,2965000000,0.07097,1290000000,1675000000,0.040093,0.23459,0.23459,7140000000,7140000000,,
1992-12-31,XOM,,,Q4,47624000000,25955000000.0,21669000000,0.455002,416000000,16747000000,0.0,0.0,19800000000,45755000000,1045000000,2302000000,6261000000,0.131467,1869000000,0.039245,0.0,2914000000,0.061188,1001000000,1913000000,0.040169,0.2715,0.2715,7046000000,7046000000,,
1992-09-30,XOM,,,Q3,46528000000,25607000000.0,20921000000,0.449643,243000000,16033000000,0.0,0.0,18506000000,44113000000,352000000,1747000000,4866000000,0.104582,2415000000,0.051904,0.0,2767000000,0.05947,1209000000,1558000000,0.033485,0.21999,0.21999,7082000000,7082000000,,
1992-06-30,XOM,,,Q2,42603000000,23730000000.0,18873000000,0.442997,296000000,14772000000,0.0,0.0,17269000000,40999000000,345000000,1814000000,4108000000,0.096425,1604000000,0.03765,0.0,1949000000,0.045748,764000000,1185000000,0.027815,0.16737,0.16737,7080000000,7080000000,,
1992-03-31,XOM,,,Q1,42481000000,22826000000.0,19655000000,0.462677,360000000,14948000000,0.0,0.0,17707000000,40533000000,584000000,1961000000,4591000000,0.108072,1948000000,0.045856,0.0,2532000000,0.059603,1070000000,976000000,0.022975,0.13781,0.13781,7082000000,7082000000,,
1991-12-31,XOM,,,Q4,47463000000,25847000000.0,21616000000,0.455428,561000000,17121000000,0.0,0.0,20014000000,45861000000,814000000,1985000000,5215000000,0.109875,1602000000,0.033753,0.0,2416000000,0.050903,896000000,1520000000,0.032025,0.21146,0.21146,7188000000,7188000000,,
1991-09-30,XOM,,,Q3,42214000000,22918000000.0,19296000000,0.4571,411000000,14624000000,0.0,0.0,17232000000,40150000000,331000000,1791000000,4517000000,0.107002,2064000000,0.048894,0.0,2395000000,0.056735,915000000,1480000000,0.035059,0.20699,0.20699,7150000000,7150000000,,
1991-06-30,XOM,,,Q2,41223000000,22155000000.0,19068000000,0.462557,392000000,14201000000,0.0,0.0,16779000000,38934000000,493000000,1793000000,5068000000,0.122941,2289000000,0.055527,0.0,2782000000,0.067487,1212000000,1570000000,0.038086,0.221,0.221,7104000000,7104000000,,
1991-03-31,XOM,,,Q1,46527000000,25149000000.0,21378000000,0.459475,329000000,14449000000,0.0,0.0,17166000000,42315000000,738000000,1844000000,7532000000,0.161884,4212000000,0.090528,0.0,4950000000,0.10639,2000000000,2950000000,0.063404,0.41098,0.41098,7178000000,7178000000,,
